@article{kuroki, 
author = "Kuroki, M.", 
Title = "Using Python and Google Colab to teach undergraduate microeconomic theory.", 
journal = "International Review of Economics Education", 
YEAR = 2021, 
volume={38},
howpublished={\url{https://www.sciencedirect.com/science/article/abs/pii/S1477388021000177}},
} 
@article{ramirez, 
author = "Ramírez Quiceno, M. and & Medina Báez, A.", 
Title = "Aplicación de técnicas de Machine Learning para la predicción del riesgo de default de un cliente en una compañía de Filipinas.", 
YEAR = 2022, 
howpublished={\url{https://bibliotecadigital.udea.edu.co/handle/10495/29065}},
} 
@article{herrera, 
author = "Coppiano Marín, A. D. and Herrera Vargas, C. J.", 
Title = "Desarrollo de aplicativo web basado en máquinas de vectores de soporte (svm) de aprendizaje supervisado para la predicción en la recomendación de cultivos mediante datos ambientales para fincas agroecológicas del cantón La Maná, provincia de Cotopaxi (Bachelor's thesis, Ecuador: La Mana: Universidad Técnica de Cotopaxi (UTC)).", 
YEAR = 2022, 
howpublished={\url{http://repositorio.utc.edu.ec/bitstream/27000/8457/1/UTC-PIM-000398.pdf}},
} 
@article{jurado, 
author = "Jurado, V.M. and Chedraui, M.A. ", 
Title = "SECRETARÍA DE EDUCACIÓN SUPERIOR,
CIENCIA, TECNOLOGÍA E INNOVACIÓN", 
journal = "Registro Oficial órgano de la replúbica del Ecuador.", 
YEAR = 2022,
pages={36--139},
howpublished={\url{http://www.edicioneslegales-informacionadicional.com/webmaster/directorio/3SU139_2022.pdf}},
} 
@article{emilio, 
author = "Ñacato, E.J", 
Title = "Repositorio personal", 
YEAR = 2022,
journal = "https://github.com/EmilioNacato/BASEDATOS.git",
howpublished={\url{https://github.com/EmilioNacato/BASEDATOS.git}},
} 
@article{universidad, 
author = "Ñacato, E.J", 
Title = "Repositorio personal--Universidad", 
YEAR = 2022,
journal = "https://github.com/EmilioNacato/BASEDATOS.git",
howpublished={\url{https://raw.githubusercontent.com/EmilioNacato/BASEDATOS/main/Entidades/Universidades.ipynb}},
}
@article{usuario, 
author = "Ñacato, E.J", 
Title = "Repositorio personal--Usuario", 
YEAR = 2022,
journal = "https://github.com/EmilioNacato/BASEDATOS.git",
howpublished={\url{https://raw.githubusercontent.com/EmilioNacato/BASEDATOS/main/Entidades/Usuario.ipynb}},
}
@article{puntaje, 
author = "Ñacato, E.J", 
Title = "Repositorio personal--Puntaje", 
YEAR = 2022,
journal = "https://github.com/EmilioNacato/BASEDATOS.git",
howpublished={\url{https://raw.githubusercontent.com/EmilioNacato/BASEDATOS/main/Entidades/Puntaje.ipynb}},
}
@article{permiso, 
author = "Ñacato, E.J", 
Title = "Repositorio personal--Permiso", 
YEAR = 2022,
journal = "https://github.com/EmilioNacato/BASEDATOS.git",
howpublished={\url{https://raw.githubusercontent.com/EmilioNacato/BASEDATOS/main/Entidades/Permisos.ipynb}},
}
@article{permisocsv, 
author = "Ñacato, E.J", 
Title = "Repositorio personal--PermisoCsv", 
YEAR = 2022,
journal = "https://github.com/EmilioNacato/BASEDATOS.git",
howpublished={\url{https://raw.githubusercontent.com/EmilioNacato/BASEDATOS/main/Tabla%20de%20datos%20csv/permisos.csv}},
}
@article{universidadcsv, 
author = "Ñacato, E.J", 
Title = "Repositorio personal--UniversidadCsv", 
YEAR = 2022,
journal = "https://github.com/EmilioNacato/BASEDATOS.git",
howpublished={\url{https://raw.githubusercontent.com/EmilioNacato/BASEDATOS/main/Tabla%20de%20datos%20csv/universidad.csv}},
}
@article{puntajecsv, 
author = "Ñacato, E.J", 
Title = "Repositorio personal--PuntajeCsv", 
YEAR = 2022,
journal = "https://github.com/EmilioNacato/BASEDATOS.git",
howpublished={\url{https://raw.githubusercontent.com/EmilioNacato/BASEDATOS/main/Tabla%20de%20datos%20csv/puntaje.csv}},
}
@article{usuariocsv, 
author = "Ñacato, E.J", 
Title = "Repositorio personal--UsuarioCsv", 
YEAR = 2022,
journal = "https://github.com/EmilioNacato/BASEDATOS.git",
howpublished={\url{https://raw.githubusercontent.com/EmilioNacato/BASEDATOS/main/Tabla%20de%20datos%20csv/usuario.csv}},
}